<?xml version="1.0" encoding="UTF-8"?><collection xmlns="http://www.loc.gov/MARC21/slim"><record><leader>00368nam--2200133-i-4500</leader><controlfield tag="001">000019736</controlfield><controlfield tag="002">20161230</controlfield><controlfield tag="005">20161230201033</controlfield><controlfield tag="008">060222s1000------------r-----000-0-eng-d</controlfield><datafield ind1=" " ind2=" " tag="080"><subfield code="a">532.785.536.425:548.5</subfield></datafield><datafield ind1=" " ind2=" " tag="100"><subfield code="a">Elwell,D., Scheel, H.J</subfield></datafield><datafield ind1=" " ind2=" " tag="245"><subfield code="a">Crystal growth from high-temperature solutions</subfield></datafield><datafield ind1=" " ind2=" " tag="260"><subfield code="a">London, Academic Press, 1975. Xi + 634 P</subfield></datafield><datafield ind1=" " ind2=" " tag="852"><subfield code="a">45858</subfield></datafield></record></collection>